
@article{2020Introduction,
  title={Introduction to Git for beginners},
  author={ Pathak, A. },
  journal={XRDS: Crossroads, The ACM Magazine for Students},
  year={2020},
}

@Misc{CSDNLinuxcommand,
  howpublished={\url{https://blog.csdn.net/lyc0424/article/details/107360251}},
  note={Accessed6月29日14:23},
  title={查看LINUX发行版的名称及其版本号},
  author={lyc0424},
}