@Misc{aa,
  howpublished={\url{https://en.wikipedia.org/wiki/Mandelbrot_set}},
  note={Accessed 29 June},
  title={Mandelbrot set},
  author={Wikipedia},
}
@Misc{a,
  howpublished={\url{https://zh.wikipedia.org/wiki/曼德博集合}},
  note={Accessed 29 June},
  title={曼德博集合},
  author={Wikipedia},
}
